% IMPORTANT: Latex special characters are: # $ % & \ ^ _ { } ~. To avoid mistakes when compiling the reference list try writing \ before. For: \ use \textbackslash ; for ^ \textasciitilde and ~ \textasciicircum.

% usage:
% - \parencite[prenote][postnote]{id}
% https://www.overleaf.com/learn/latex/How_to_Write_a_Thesis_in_LaTeX_(Part_4)%3A_Bibliographies_with_BibLaTeX

% @book{key,
%   author         = {},
%   title          = {},
%   edition        = {},
%   series         = {},
%   publisher      = {},
%   year           = {},
%   url            = {},
% }

% @article{key,
%   author          = {},
%   journal         = {},
%   number          = {},
%   title           = {},
%   volume          = {},
%   year            = {},
%   doi             = {},
% }

% @online{key,
%   author          = {},
%   title           = {},
%   year            = {},
%   url             = {},
%   urldate         = {},
% }

% @techreport{IEEE830-1984,
%   title       = {{IEEE Guide for Software Requirements Specifications}},
%   type        = {IEEE Std.},
%   number      = {830-1984},
%   year        = {1984},
%   institution = {Institute of Electrical and Electronics Engineers},
%   doi         = {10.1109/IEEESTD.1984.119205}
% }
