@techreport{FloatsIEEE,
  title           = {{IEEE Standard for Floating-Point Arithmetic}},
  type            = {IEEE Std.},
  number          = {754-2019},
  year            = {2019},
  institution     = {Institute of Electrical and Electronics Engineers},
  doi             = {10.1109/IEEESTD.2019.8766229},
}
